@article{pdg,
    author = {{Particle Data Group, P. A. Zyla et\,al\adddot}},
    collaboration = "Particle Data Group",
    title = "{Review of Particle Physics}",
    doi = "10.1093/ptep/ptaa104",
    journal = "PTEP",
    volume = "2020",
    number = "8",
    pages = "083C01",
    year = "2020",
    note = "and 2021 update"
}

@article{NeutrinoMassSK,
    title = {Evidence for Oscillation of Atmospheric Neutrinos},
    author = {{Super-Kamiokande Collaboration, Y. Fukuda et\,al\adddot}},
    collaboration = {Super-Kamiokande Collaboration},
    journal = {Phys. Rev. Lett.},
    volume = {81},
    pages = {1562--1567},
    numpages = {0},
    year = {1998},
    publisher = {American Physical Society},
    doi = {10.1103/PhysRevLett.81.1562},
    url = {https://link.aps.org/doi/10.1103/PhysRevLett.81.1562}
}


@article{NeutrinoMassSNO,
    title = {Direct Evidence for Neutrino Flavor Transformation from Neutral-Current Interactions in the Sudbury Neutrino Observatory},
    author = {{SNO Collaboration, Q. R. Ahmad et\,al\adddot}},
    collaboration = {SNO Collaboration},
    journal = {Phys. Rev. Lett.},
    volume = {89},
    pages = {011301},
    numpages = {6},
    year = {2002},
    publisher = {American Physical Society},
    doi = {10.1103/PhysRevLett.89.011301},
    url = {https://link.aps.org/doi/10.1103/PhysRevLett.89.011301}
}

@article{TetraquarkLHCb,
  title = {Observation of the Resonant Character of the $Z(4430{)}^{\ensuremath{-}}$ State},
  author = {{LHCb Collaboration, R. Aaij et\,al\adddot}},
  collaboration = {LHCb Collaboration},
  journal = {Phys. Rev. Lett.},
  volume = {112},
  pages = {222002},
  numpages = {9},
  year = {2014},
  publisher = {American Physical Society},
  doi = {10.1103/PhysRevLett.112.222002},
  url = {https://link.aps.org/doi/10.1103/PhysRevLett.112.222002}
}


@article{PentaquarkLHCb,
  title = {Observation of $J/\ensuremath{\psi}p$ Resonances Consistent with Pentaquark States in $\Lambda_{b}^{0}\ensuremath{\rightarrow}J/\ensuremath{\psi}{K}^{\ensuremath{-}}p$ Decays},
  author = {{LHCb Collaboration, R. Aaij et\,al\adddot}},
  collaboration = {LHCb Collaboration},
  journal = {Phys. Rev. Lett.},
  volume = {115},
  pages = {072001},
  numpages = {15},
  year = {2015},
  publisher = {American Physical Society},
  doi = {10.1103/PhysRevLett.115.072001},
  url = {https://link.aps.org/doi/10.1103/PhysRevLett.115.072001}
}


@article{HiggsCMS,
    title = {Observation of a new boson at a mass of 125 GeV with the CMS experiment at the LHC},
    author = {{CMS Collaboration, S. Chatrchyan et\,al\adddot}},
    journal = {Physics Letters B},
    volume = {716},
    number = {1},
    pages = {30-61},
    year = {2012},
    issn = {0370-2693},
    doi = {https://doi.org/10.1016/j.physletb.2012.08.021},
    url = {https://www.sciencedirect.com/science/article/pii/S0370269312008581},
    keywords = {CMS, Physics, Higgs}
}

@article{HiggsATLAS,
    title = {Observation of a new particle in the search for the Standard Model Higgs boson with the ATLAS detector at the LHC},
    author = {{ATLAS Collaboration, G. Aad et\,al\adddot}},
    journal = {Physics Letters B},
    volume = {716},
    number = {1},
    pages = {1-29},
    year = {2012},
    issn = {0370-2693},
    doi = {https://doi.org/10.1016/j.physletb.2012.08.020},
    url = {https://www.sciencedirect.com/science/article/pii/S037026931200857X},
}

@online{ft_scheme,
    title   = {"Flavour Tagging Plots for Conference"},
    author = {{U. Eitschberger}},
    year = 2016,
    url = {https://twiki.cern.ch/twiki/bin/view/LHCb/FlavourTaggingConferencePlots#Flavour_Tagging_Plots_for_Confer},
    urldate = {2022-06-14},
}

@article{LHC,
	title = {{LHC} Machine},
	author = {{L. Evans and P. Bryant}},
	doi = {10.1088/1748-0221/3/08/s08001},
	url = {https://doi.org/10.1088/1748-0221/3/08/s08001},
	year = 2008,
	publisher = {{IOP} Publishing},
	volume = {3},
	number = {08},
	pages = {S08001--S08001},
	journal = {Journal of Instrumentation}
}

@article{LHCb,
	title = {The {LHCb} Detector at the {LHC}},
	author = {{LHCb Collaboration, A. Augusto Alves et\,al\adddot}},
	doi = {10.1088/1748-0221/3/08/s08005},
	url = {https://doi.org/10.1088/1748-0221/3/08/s08005},
	year = 2008,
	publisher = {{IOP} Publishing},
	volume = {3},
	number = {08},
	pages = {S08005--S08005},
	journal = {Journal of Instrumentation}
}

@inproceedings{xgboost,
 author = {{T. Chen and C. Guestrin}},
 title = {{XGBoost}: A Scalable Tree Boosting System},
 booktitle = {Proceedings of the 22nd ACM SIGKDD International Conference on Knowledge Discovery and Data Mining},
 series = {KDD '16},
 year = {2016},
 isbn = {978-1-4503-4232-2},
 pages = {785--794},
 numpages = {10},
 url = {http://doi.acm.org/10.1145/2939672.2939785},
 doi = {10.1145/2939672.2939785},
 acmid = {2939785},
 publisher = {ACM},
 keywords = {large-scale machine learning},
}

@article{NN_schematic,
  author = {{K. Melcher}},
  title = {A Friendly Introduction to [Deep] Neural Networks},
  year = 2021,
  url = {https://www.knime.com/blog/a-friendly-introduction-to-deep-neural-networks},
  urldate = {2022-06-14}
}

@article{deepset,
  title = {Deep Sets},
  author = {Zaheer, M. and Kottur, S. and Ravanbakhsh, S. and Poczos, B. and Salakhutdinov, R. and Smola, A.},
  doi = {10.48550/ARXIV.1703.06114},
  url = {https://arxiv.org/abs/1703.06114},
  keywords = {Machine Learning (cs.LG), Machine Learning (stat.ML), FOS: Computer and information sciences, FOS: Computer and information sciences},
  publisher = {arXiv},
  year = {2017},
  copyright = {arXiv.org perpetual, non-exclusive license}
}

@incollection{pytorch,
    title = {PyTorch: An Imperative Style, High-Performance Deep Learning Library},
    author = {Paszke, A. and Gross, S. and Massa, F. and Lerer, A. and Bradbury, James and Chanan, Gregory and Killeen, Trevor and Lin, Zeming and Gimelshein, Natalia and Antiga, Luca and Desmaison, Alban and Kopf, Andreas and Yang, Edward and DeVito, Zachary and Raison, Martin and Tejani, Alykhan and Chilamkurthy, Sasank and Steiner, Benoit and Fang, Lu and Bai, Junjie and Chintala, Soumith},
    booktitle = {Advances in Neural Information Processing Systems 32},
    editor = {H. Wallach and H. Larochelle and A. Beygelzimer and F. d\textquotesingle Alch\'{e}-Buc and E. Fox and R. Garnett},
    pages = {8024--8035},
    year = {2019},
    publisher = {Curran Associates, Inc.},
    url = {http://papers.neurips.cc/paper/9015-pytorch-an-imperative-style-high-performance-deep-learning-library.pdf}
}

@article{fsfd,
  title = {Precise measurement of the ${f}_{s}/{f}_{d}$ ratio of fragmentation fractions and of ${B}_{s}^{0}$ decay branching fractions},
  author = {{LCHb Collaboration, R. Aaij et\,al\adddot}},
  collaboration = {LHCb Collaboration},
  journal = {Phys. Rev. D},
  volume = {104},
  pages = {032005},
  numpages = {20},
  year = {2021},
  publisher = {American Physical Society},
  doi = {10.1103/PhysRevD.104.032005},
  url = {https://link.aps.org/doi/10.1103/PhysRevD.104.032005}
}

@article{iminuit,
  author={{H. Dembinski, P. Ongmongkolkul et\,al\adddot}},
  title={scikit-hep/iminuit},
  DOI={10.5281/zenodo.3949207},
  publisher={Zenodo},
  year={2020},
  url={https://doi.org/10.5281/zenodo.3949207}
}

@article{adam,
  title = {Adam: A Method for Stochastic Optimization},
  author = {{D. P. Kingma and J. Ba}},
  doi = {10.48550/ARXIV.1412.6980},
  url = {https://arxiv.org/abs/1412.6980},
  keywords = {Machine Learning (cs.LG), FOS: Computer and information sciences, FOS: Computer and information sciences},
  publisher = {arXiv},
  year = {2014},
  copyright = {arXiv.org perpetual, non-exclusive license}
}
